% This file was created with JabRef 2.8.
% Encoding: Cp1252

@ARTICLE{barbour2007new,
  author = {Barbour, M.M. and McDowell, N.G. and Tcherkez, G. and Bickford, C.P.
	and Hanson, D.T.},
  title = {A new measurement technique reveals rapid post-illumination changes
	in the carbon isotope composition of leaf-respired CO2},
  journal = {Plant, Cell \& Environment},
  year = {2007},
  volume = {30},
  pages = {469--482},
  number = {4},
  publisher = {Wiley Online Library}
}

@BOOK{DavisonHinkley:1997:Bootstrapmethodsand,
  title = {Bootstrap methods and their application},
  publisher = {Cambridge University Press},
  year = {1997},
  author = {AC Davison and DV Hinkley},
  pages = {x + 582},
  series = {Cambridge series on statistical and probabilistic mathematics}
}

@MANUAL{ErhardtHanson:2011:tdllicor:estimatesdiscrimination,
  title = {\texttt{tdllicor}: estimates discrimination and other parameters
	associated with leaf photosynthesis},
  author = {EB Erhardt and DT Hanson},
  edition = {0.1-21},
  month = {10},
  year = {2012},
  owner = {Administrator},
  timestamp = {2011.06.08}
}

@ARTICLE{farquhar1984isotopic,
  author = {Farquhar, GD and Richards, RA},
  title = {Isotopic composition of plant carbon correlates with water-use efficiency
	of wheat genotypes},
  journal = {Functional Plant Biology},
  year = {1984},
  volume = {11},
  pages = {539--552},
  number = {6},
  publisher = {CSIRO}
}

@ARTICLE{farquhar1982stomatal,
  author = {Farquhar, GD and Sharkey, TD},
  title = {Stomatal conductance and photosynthesis},
  journal = {Annual Review of Plant Physiology},
  year = {1982},
  volume = {33},
  pages = {317--345},
  number = {1},
  publisher = {Annual Reviews 4139 El Camino Way, PO Box 10139, Palo Alto, CA 94303-0139,
	USA}
}

@ARTICLE{sharkey1988estimating,
  author = {Sharkey, TD},
  title = {Estimating the rate of photorespiration in leaves},
  journal = {Physiol. Plant},
  year = {1988},
  volume = {73},
  pages = {147--152},
  number = {1}
}

@comment{jabref-meta: selector_publisher:}

@comment{jabref-meta: selector_author:}

@comment{jabref-meta: selector_journal:}

@comment{jabref-meta: selector_keywords:}

